<?xml version="1.0" encoding="UTF-8"?><collection xmlns="http://www.loc.gov/MARC21/slim"><record><leader>00321nam--2200109-i-4500</leader><controlfield tag="001">000002637</controlfield><controlfield tag="002">20161230</controlfield><controlfield tag="005">20161230201025</controlfield><controlfield tag="008">060222s1000------------r-----000-0-eng-d</controlfield><datafield ind1=" " ind2=" " tag="245"><subfield code="a">The crystalline state. determination of crystal structures</subfield></datafield><datafield ind1=" " ind2=" " tag="260"><subfield code="a">London, G.Bell And Sons Ltd., 1953-1955</subfield></datafield><datafield ind1=" " ind2=" " tag="700"><subfield code="a">Lipson, H.And Cochran, W</subfield></datafield></record></collection>